@book{ribeiro,
  title={Engenharia De Microondas: FUNDAMENTOS E APLICA{\c{C}}{\~O}ES},
  author={Ribeiro, J.A.J.},
  isbn={9788536502090},
  url={https://books.google.com.br/books?id=D-iHPgAACAAJ},
  year={2009},
  publisher={ERICA}
}
