@article{einstein,
  author =       "Albert Einstein",
  title =        "{Zur Elektrodynamik bewegter K{\"o}rper}. ({German})
                 [{On} the electrodynamics of moving bodies]",
  journal =      "Annalen der Physik",
  volume =       "322",
  number =       "10",
  pages =        "891--921",
  year =         "1905",
  DOI =          "http://dx.doi.org/10.1002/andp.19053221004"
}

@book{latexcompanion,
    author    = "Michel Goossens and Frank Mittelbach and Alexander Samarin",
    title     = "The \LaTeX\ Companion",
    year      = "1993",
    publisher = "Addison-Wesley",
    address   = "Reading, Massachusetts"
}
 
@misc{knuthwebsite,
    author    = "Donald Knuth",
    title     = "Knuth: Computers and Typesetting",
    url       = "http://www-cs-faculty.stanford.edu/\~{}uno/abcde.html"
}

@misc{ibgeTV,
    author    = "Alana Gandra",
    title     = "Pesquisa diz que, de 69 milhões de casas, só 2,8 \% não têm TV no Brasil",
    url       = "https://agenciabrasil.ebc.com.br/economia/noticia/2018-02/uso-de-celular-e-acesso-internet-sao-tendencias-crescentes-no-brasil",
    Urlaccessdate = {04 mar 2021},
    Year = {2018}
}

@misc{insider,
    author    = "Matthew Wilson",
    title     = "How TVs have changed through the decades",
    url       = "https://www.insider.com/the-evolution-of-tvs-through-the-decades",
    Urlaccessdate = {04 mar 2021},
    Year = {2020}
}

@misc{thinglink,
    author    = "A Justin ",
    title     = "The Evolution of Televison",
    url       = "https://www.thinglink.com/scene/1142141557059616771",
    Urlaccessdate = {04 mar 2021},
    Year = {2019}
}

@misc{hh,
    title     = "TELEVISÃO",
    url       = "https://historiaschistoria.blogspot.com/2015/03/televisao.html",
    Urlaccessdate = {04 mar 2021},
    Year = {2015}
}

@book{alencar_2009,
  place={Cambridge},
  title={Digital Television Systems},
  DOI={10.1017/CBO9780511609732},
  publisher={Cambridge University Press}, 
  author={Alencar, Marcelo S.}, 
  year={2009}
}

@misc{britannica,
    author    = "Marshall Jon Fisher",
    title     = "Television",
    url       = "https://www.britannica.com/technology/television-technology",
    Urlaccessdate = {05 mar 2021},
}

@misc{datagenetics,
    organization    = "Data Genetics",
    title     = "Analog TV",
    url       = "https://datagenetics.com/blog/april12018/index.html",
    Urlaccessdate = {08 abr 2021},
}

@misc{tvDigitalUSP,
    author    = "Guido Stolfi",
    title     = "TV Digital",
    year      = "2018",
}

@misc{UFG,
    author    = "Uvermar Sidney Nince",
    title     = "Sistemas de Televisão Digital",
    year      = "2009",
}

@misc{makienze,
    organization    = "Revista Mackenzie de Engenharia e Computação",
    title     = "Sistema de Tv Digital",
}

@book{gonzalez,
	title={Processamento Digital De Imagens},
	author={Gonzalez, R.C. and Woods, R.E.},
	isbn={9788576054016},
	url={https://books.google.com.br/books?id=r5f0RgAACAAJ},
	year={2009},
	publisher={ADDISON WESLEY BRA}
}

@book{oge,
	title={Processamento digital de imagens},
	author={Filho, O.M. and Neto, H.V.},
	isbn={9788574520094},
	series={Cuadernos de extensi{\'o}n universitaria (Santa Fe, Argentina).: Serie acad{\'e}mica},
	url={https://books.google.com.br/books?id=MAEOtwAACAAJ},
	year={1999},
	publisher={BRASPORT}
}

@book{ogeMatlab,
	title={Practical Image and Video Processing Using MATLAB},
	author={Marques, O.},
	isbn={9780470048153},
	lccn={2011008249},
	series={Wiley - IEEE},
	url={https://books.google.com.br/books?id=rrl2GQAACAAJ},
	year={2011},
	publisher={Wiley}
}